@article{Ranjan08,
  title={Combining Probability Forecasts},
  author={Ranjan, Roopesh and Gneiting, Tilmann},
  journal={Journal of the Royal Statistical Society: Series B (Statistical Methodology)},
  volume={72},
  number={1},
  pages={71--91},
  year={2010},
  publisher={Wiley Online Library}
}

@incollection{kobler2012interval,
  title={Interval graph representation with given interval and intersection lengths},
  author={K{\"o}bler, Johannes and Kuhnert, Sebastian and Watanabe, Osamu},
  booktitle={Algorithms and Computation},
  pages={517--526},
  year={2012},
  publisher={Springer}
}

@incollection{letchford2008binary,
  title={Binary positive semidefinite matrices and associated integer polytopes},
  author={Letchford, Adam N and S{\o}rensen, Michael M},
  booktitle={Integer Programming and Combinatorial Optimization},
  pages={125--139},
  year={2008},
  publisher={Springer}
}

@article{wittenbaum1999mutual,
  title={Mutual enhancement: Toward an understanding of the collective preference for shared information.},
  author={Wittenbaum, Gwen M and Hubbell, Anne P and Zuckerman, Cynthia},
  journal={Journal of Personality and Social Psychology},
  volume={77},
  number={5},
  pages={967},
  year={1999},
  publisher={American Psychological Association}
}

@article{stasser1985pooling,
  title={Pooling of unshared information in group decision making: Biased information sampling during discussion.},
  author={Stasser, Garold and Titus, William},
  journal={Journal of personality and social psychology},
  volume={48},
  number={6},
  pages={1467},
  year={1985},
  publisher={American Psychological Association}
}

@book{tetlock2016superforecasting,
  title={Superforecasting: The art and science of prediction},
  author={Tetlock, Philip and Gardner, Dan},
  year={2016},
  publisher={Random House}
}

@article{clemen1986objective,
  title={Objective and subjective precipitation probability forecasts: Statistical analysis of some interrelationships},
  author={Clemen, Robert T and Murphy, Allan H},
  journal={Weather and Forecasting},
  volume={1},
  number={1},
  pages={56--65},
  year={1986}
}

@article{jamison1965convergence,
  title={Convergence of weighted averages of independent random variables},
  author={Jamison, Benton and Orey, Steven and Pruitt, William},
  journal={Zeitschrift f{\"u}r Wahrscheinlichkeitstheorie und Verwandte Gebiete},
  volume={4},
  number={1},
  pages={40--44},
  year={1965},
  publisher={Springer}
}

@article{chandra1996strong,
  title={The strong law of large numbers for weighted averages under dependence assumptions},
  author={Chandra, Tapas K and Ghosal, Subhashis},
  journal={Journal of Theoretical Probability},
  volume={9},
  number={3},
  pages={797--809},
  year={1996},
  publisher={Springer}
}


@article{cohen2009almost,
  title={Almost sure convergence of weighted sums of independent random variables},
  author={Cohen, Guy and Lin, Michael},
  journal={Contemp. Math},
  volume={485},
  pages={13--43},
  year={2009}
}

@article{bates1969combination,
  title={The combination of forecasts},
  author={Bates, John M and Granger, Clive WJ},
  journal={Or},
  pages={451--468},
  year={1969},
  publisher={JSTOR}
}

@misc{Lichman:2013 ,
author = "M. Lichman",
year = "2013",
title = "{UCI} Machine Learning Repository",
url = "http://archive.ics.uci.edu/ml",
institution = "University of California, Irvine, School of Information and Computer Sciences" }

@article{yeh1998modeling,
  title={Modeling of strength of high-performance concrete using artificial neural networks},
  author={Yeh, I-C},
  journal={Cement and Concrete research},
  volume={28},
  number={12},
  pages={1797--1808},
  year={1998},
  publisher={Elsevier}
}

@article{larrick2006intuitions,
  title={Intuitions about combining opinions: Misappreciation of the averaging principle},
  author={Larrick, Richard P and Soll, Jack B},
  journal={Management science},
  volume={52},
  number={1},
  pages={111--127},
  year={2006},
  publisher={INFORMS}
}

@book{surowiecki2005wisdom,
  title={The wisdom of crowds},
  author={Surowiecki, James},
  year={2005},
  publisher={Anchor}
}

@article{ottaviani2006strategy,
  title={The strategy of professional forecasting},
  author={Ottaviani, Marco and S{\o}rensen, Peter Norman},
  journal={Journal of Financial Economics},
  volume={81},
  number={2},
  pages={441--466},
  year={2006},
  publisher={Elsevier}
}

@article{figlewski1983rational,
  title={Rational expectations, informational efficiency, and tests using survey data: A reply},
  author={Figlewski, Stephen and Wachtel, Paul},
  journal={The Review of Economics and Statistics},
  pages={529--531},
  year={1983},
  publisher={JSTOR}
}

@article{keane1990testing,
  title={Testing the rationality of price forecasts: New evidence from panel data},
  author={Keane, Michael P and Runkle, David E},
  journal={The American Economic Review},
  pages={714--735},
  year={1990},
  publisher={JSTOR}
}

@article{galton1907vox,
  title={Vox populi (The wisdom of crowds)},
  author={Galton, Francis},
  journal={Nature},
  volume={75},
  number={7},
  pages={450--451},
  year={1907}
}

@article{gneiting2013combining,
  title={Combining predictive distributions},
  author={Gneiting, Tilmann and Ranjan, Roopesh and others},
  journal={Electronic Journal of Statistics},
  volume={7},
  pages={1747--1782},
  year={2013},
  publisher={The Institute of Mathematical Statistics and the Bernoulli Society}
}

@article{hora2004probability,
  title={Probability judgments for continuous quantities: Linear combinations and calibration},
  author={Hora, Stephen C},
  journal={Management Science},
  volume={50},
  number={5},
  pages={597--604},
  year={2004},
  publisher={INFORMS}
}

@article{jose2013trimmed,
  title={Trimmed opinion pools and the crowd's calibration problem},
  author={Jose, Victor Richmond R and Grushka-Cockayne, Yael and Lichtendahl Jr, Kenneth C},
  journal={Management Science},
  volume={60},
  number={2},
  pages={463--475},
  year={2013},
  publisher={INFORMS}
}

@article{maume2017multivariate,
  title={Multivariate extensions of expectiles risk measures},
  author={Maume-Deschamps, V{\'e}ronique and Rulli{\`e}re, Didier and Said, Khalil},
  journal={Dependence Modeling},
  volume={5},
  number={1},
  pages={20--44},
  year={2017}
}

@book{durrett2010probability,
  title={Probability: theory and examples},
  author={Durrett, Rick},
  year={2010},
  publisher={Cambridge university press}
}

@book{mills1991time,
  title={Time Series Techniques for Economists},
  author={Mills, Terence C},
  year={1991},
  publisher={Cambridge University Press}
}

@book{casella2002statistical,
  title={Statistical inference},
  author={Casella, George and Berger, Roger L},
  volume={2},
  year={2002},
  publisher={Duxbury Pacific Grove, CA}
}

@incollection{batchelder2010cultural,
  title={Cultural Consensus Theory: Aggregating Continuous Responses in a Finite Interval},
  author={Batchelder, William H and Strashny, Alex and Romney, A Kimball},
  booktitle={Advances in Social Computing},
  pages={98--107},
  year={2010},
  publisher={Springer}
}

@article{fryer2008categorical,
  title={A categorical model of cognition and biased decision making},
  author={Fryer, Roland and Jackson, Matthew O},
  journal={The BE Journal of Theoretical Economics},
  volume={8},
  number={1},
  year={2008}
}

@book{page2008difference,
  title={The Difference: How the Power of Diversity Creates Better Groups, Firms, Schools, and Societies (New Edition)},
  author={Page, Scott E},
  year={2008},
  publisher={Princeton University Press}
}

@incollection{armstrong2001combining,
  title={Combining Forecasts},
  author={Armstrong, J Scott},
  booktitle={Principles of Forecasting},
  pages={417--439},
  year={2001},
  volume = {30},
  publisher={Springer}
}

@article{jose2008simple,
  title={Simple robust averages of forecasts: Some empirical results},
  author={Jose, Victor Richmond R and Winkler, Robert L},
  journal={International Journal of Forecasting},
  volume={24},
  number={1},
  pages={163--169},
  year={2008},
  publisher={Elsevier}
}

@inproceedings{pokempner1970sales,
  title={Sales forecasting practices: an appraisal: a survey},
  author={Pokempner, Stanley J and Bailey, Earl L},
  year={1970},
  organization={Conference Board}
}
@article{mellers2014psychological,
  title={Psychological Strategies for Winning a Geopolitical Forecasting Tournament},
  author={Mellers, Barbara and Ungar, Lyle and Baron, Jonathan and Ramos, Jaime and Gurcay, Burcu and Fincher, Katrina and Scott, Sydney E and Moore, Don and Atanasov, Pavel and Swift, Samuel A and Murray, Terry and Stone, Eric and Tetlock, Philip E},
  journal={Psychological Science},
  volume={25},
  number={5},
  pages={1106--1115},
  year={2014},
  publisher={SAGE Publications}
}


@article{makridakis1983averages,
  title={Averages of forecasts: Some empirical results},
  author={Makridakis, Spyros and Winkler, Robert L},
  journal={Management Science},
  volume={29},
  number={9},
  pages={987--996},
  year={1983},
  publisher={Informs}
}

@article{palley2015eliciting,
  title={Eliciting and Aggregating Forecasts When Information is Shared},
  author={Palley, Asa B and Soll, Jack B},
  journal={Available at SSRN 2636376},
  year={2015}
}

@article{lichtendahl2013wisdom,
  title={The wisdom of competitive crowds},
  author={Lichtendahl Jr, Kenneth C and Grushka-Cockayne, Yael and Pfeifer, Phillip E},
  journal={Operations Research},
  volume={61},
  number={6},
  pages={1383--1398},
  year={2013},
  publisher={INFORMS}
}

@article{ottaviani2006strategy,
  title={The strategy of professional forecasting},
  author={Ottaviani, Marco and S{\o}rensen, Peter Norman},
  journal={Journal of Financial Economics},
  volume={81},
  number={2},
  pages={441--466},
  year={2006},
  publisher={Elsevier}
}

@article{clemen1989combining,
  title={Combining forecasts: A review and annotated bibliography},
  author={Clemen, Robert T},
  journal={International Journal of Forecasting},
  volume={5},
  number={4},
  pages={559--583},
  year={1989},
  publisher={Elsevier}
}

@article{clemen1986combining,
  title={Combining economic forecasts},
  author={Clemen, Robert T and Winkler, Robert L},
  journal={Journal of Business \& Economic Statistics},
  volume={4},
  number={1},
  pages={39--46},
  year={1986},
  publisher={Taylor \& Francis}
}

@misc{wassermann2006all,
  title={All of nonparametric statistics},
  author={Wassermann, Larry},
  year={2006},
  publisher={Springer Science+ Business Media, New York}
}

@article{genest1986combining,
  title={Combining probability distributions: A critique and an annotated bibliography},
  author={Genest, Christian and Zidek, James V},
  journal={Statistical Science},
  pages={114--135},
  year={1986},
  publisher={JSTOR}
}

@article{hibon2005combine,
  title={To combine or not to combine: selecting among forecasts and their combinations},
  author={Hibon, Michele and Evgeniou, Theodoros},
  journal={International Journal of Forecasting},
  volume={21},
  number={1},
  pages={15--24},
  year={2005},
  publisher={Elsevier}
}

@book{elliott2013handbook,
  title={Handbook of Economic Forecasting SET 2A-2B},
  author={Elliott, Graham and Timmermann, Allan},
  year={2013},
  publisher={Elsevier}
}



@inproceedings{parunak2013characterizing,
 author = {Parunak, H. Van Dyke and Brueckner, Sven A. and Hong, Lu and Page, Scott E. and Rohwer, Richard},
 title = {Characterizing and Aggregating Agent Estimates},
 booktitle = {Proceedings of the 2013 International Conference on Autonomous Agents and Multi-agent Systems},
 year = {2013},
 pages = {1021--1028},
 publisher = {International Foundation for Autonomous Agents and Multiagent Systems},
 address = {Richland, SC}
} 


@misc{gurobi,
   author = "Gurobi Optimization, Inc.",
   title = "Gurobi Optimizer Reference Manual",
   year = 2015,
   url = "http://www.gurobi.com"
 }

@article{hong2009interpreted,
  title={Interpreted and Generated Signals},
  author={Hong, Lu and Page, Scott},
  journal={Journal of Economic Theory},
  volume={144},
  number={5},
  pages={2174--2196},
  year={2009},
  publisher={Elsevier}
}

@article{ladha1992condorcet,
  title={The Condorcet jury theorem, free speech, and correlated votes},
  author={Ladha, Krishna K},
  journal={American Journal of Political Science},
  pages={617--634},
  year={1992},
  publisher={JSTOR}
}


@article{gneiting2011combining,
  title={Combining Predictive Distributions},
  author={Gneiting, Tilmann and Ranjan, Roopesh},
  journal={arXiv preprint arXiv:1106.1638},
  year={2011}
}

@article{murphy1973new,
  title={A new vector partition of the probability score},
  author={Murphy, Allan H},
  journal={Journal of Applied Meteorology},
  volume={12},
  number={4},
  pages={595--600},
  year={1973}
}

@book{chamorro2015wiley,
  title={The Wiley-Blackwell handbook of individual differences},
  author={Chamorro-Premuzic, Tomas and Von Stumm, Sophie and Furnham, Adrian},
  volume={3},
  year={2015},
  publisher={John Wiley \& Sons}
}

@article{murphy1987general,
  title={A General Framework for Forecast Verification},
  author={Murphy, Allan H and Winkler, Robert L},
  journal={Monthly Weather Review},
  volume={115},
  number={7},
  pages={1330--1338},
  year={1987}
}

@phdthesis{ranjan2009combining,
  title={Combining and Evaluating Probabilistic Forecasts},
  author={Ranjan, Roopesh},
  year={2009},
  school={University of Washington}
}

@article{gelman2008weakly,
  title={A Weakly Informative Default Prior Distribution for Logistic and Other Regression Models},
  author={Gelman, Andrew and Jakulin, Aleks and Pittau, Maria Grazia and Su, Yu-Sung},
  journal={The Annals of Applied Statistics},
  pages={1360--1383},
  year={2008},
  publisher={JSTOR}
}

@article{geman1984stochastic,
  title={Stochastic Relaxation, Gibbs Distributions, and the Bayesian Restoration of Images},
  author={Geman, Stuart and Geman, Donald},
  journal={Institute of Electrical and Electronics Engineer (IEEE) Transactions on Pattern Analysis and Machine Intelligence},
  number={6},
  pages={721--741},
  year={1984},
  publisher={Institute of Electrical and Electronics Engineers (IEEE)}
}

@article{carter1994gibbs,
  title={On Gibbs Sampling for State Space Models},
  author={Carter, Chris K and Kohn, Robert},
  journal={Biometrika},
  volume={81},
  number={3},
  pages={541--553},
  year={1994},
  publisher={Biometrika Trust}
}

@article{migon2005dynamic,
  title={Dynamic Models},
  author={Migon, Helio S and Gamerman, Dani and Lopes, Hedibert F and Ferreira, Marco AR},
  journal={Handbook of Statistics},
  volume={25},
  pages={553--588},
  year={2005},
  publisher={Elsevier}
}

@ARTICLE{Bjorkman,
   AUTHOR  = {Bjorkman, M. and Juslin, P. and Winman, A.},
   TITLE   = {Realism of Confidence in Sensory Discrimination: The Underconfidence Phenomenon},  
   YEAR    = {1993},
   JOURNAL = {Perception and Psychophysics},
   VOLUME  = {54},
   PAGES   = {75-81}
}

@ARTICLE{Zhang,
   AUTHOR  = {Zhang, H. and Maloney, L. T.},
   TITLE   = {Ubiquitous Log Odds: A Common Representation of Probability and Frequency Distortion in Perception, Action, and Cognition},  
   YEAR    = {2012},
   JOURNAL = {Frontiers in Neuroscience},
   VOLUME  = {6},
pages = {1-14}
}

@article{hoeting1999bayesian,
  title={Bayesian Model Averaging: A Tutorial},
  author={Hoeting, Jennifer A and Madigan, David and Raftery, Adrian E and Volinsky, Chris T},
  journal={Statistical Science},
  pages={382--401},
  year={1999},
  publisher={JSTOR}
}



@article{winkler1968good,
  title={“{Good}” probability assessors},
  author={Winkler, Robert L and Murphy, Allan H},
  journal={Journal of Applied Meteorology},
  volume={7},
  number={5},
  pages={751--758},
  year={1968}
}

@book{cooke1991experts,
  title={Experts in Uncertainty: Opinion and Subjective Probability in Science},
  author={Cooke, Roger M},
  year={1991},
  publisher={Oxford University Press},
address = {New York, NY, USA}
}

@book{tetlock2005expert,
  title={Expert Political Judgment: How Good Is It? How Can We Know?},
  author={Tetlock, Philip E},
  year={2005},
  address = {Princeton, New Jersey},
  publisher={Princeton University Press}
}

@book{pepe2003statistical,
  title={The Statistical Evaluation of Medical Tests for Classification and Prediction},
  author={Pepe, Margaret Sullivan},
  year={2003},
  address = {Oxford, U.K.},
  publisher={Oxford University Press}
}

@article{baars2005performance,
  title={Performance of National Weather Service Forecasts Compared to Operational, Consensus, and Weighted Model Output Statistics},
  author={Baars, Jeffrey A and Mass, Clifford F},
  journal={Weather and Forecasting},
  volume={20},
  number={6},
  pages={1034--1047},
  year={2005}
}

@article{vislocky1995improved,
  title={Improved Model Output Statistics Forecasts Through Model Consensus},
  author={Vislocky, Robert L and Fritsch, J Michael},
  journal={Bulletin of the American Meteorological Society},
  volume={76},
  number={7},
  pages={1157--1164},
  year={1995}
}

@article{sanders1963subjective,
  title={On Subjective Probability Forecasting},
  author={Sanders, Frederick},
  journal={Journal of Applied Meteorology},
  volume={2},
  number={2},
  pages={191--201},
  year={1963}
}

@article{wilson1998prediction,
  title={Prediction of Coronary Heart Disease Using Risk Factor Categories},
  author={Wilson, Peter WF and D’Agostino, Ralph B and Levy, Daniel and Belanger, Albert M and Silbershatz, Halit and Kannel, William B},
  journal={Circulation},
  volume={97},
  number={18},
  pages={1837--1847},
  year={1998},
  publisher={Am Heart Assoc}
}

@article{wright1994coherence,
  title={Coherence, Calibration, and Expertise in Judgmental Probability Forecasting},
  author={Wright, George and Rowe, Gene and Bolger, Fergus and Gammack, John},
  journal={Organizational Behavior and Human Decision Processes},
  volume={57},
  number={1},
  pages={1--25},
  year={1994},
  publisher={Elsevier}
}

@article{neal2003slice,
  title={Slice Sampling},
  author={Neal, Radford M},
  journal={Annals of Statistics},
  pages={705--741},
  year={2003},
  publisher={JSTOR}
}

@book{agresti2002categorical,
  title={Categorical Data Analysis},
  author={Agresti, Alan},
  volume={359},
  year={2002},
  publisher={John Wiley \& Sons}
}

@article{shlyakhter1994quantifying,
  title={Quantifying the Credibility of Energy Projections from Trends in Past Data: The {US} Energy Sector},
  author={Shlyakhter, Alexander I and Kammen, Daniel M and Broido, Claire L and Wilson, Richard},
  journal={Energy Policy},
  volume={22},
  number={2},
  pages={119--130},
  year={1994},
  publisher={Elsevier}
}

@article{raftery2005using,
  title={Using Bayesian Model Averaging to Calibrate Forecast Ensembles},
  author={Raftery, Adrian E and Gneiting, Tilmann and Balabdaoui, Fadoua and Polakowski, Michael},
  journal={Monthly Weather Review},
  volume={133},
  number={5},
  pages={1155--1174},
  year={2005}
}

@inproceedings{gneiting2004verifying,
  title={Verifying Probabilistic Forecasts: Calibration and Sharpness},
  author={Gneiting, Tilmann and Raftery, AE and Balabdaoui, F and Westveld, A},
  booktitle={17th Conference on Probablity and Statistics in the Atmospheric Sciences},
  year={2004}
}

@misc{Armstrong,
   AUTHOR  = {Graefe, A. and Amstrong, J. S. and Randall, J. J. and Cuzan, A. G.},
   TITLE   = {Combining Forecasts: An Application to Elections},  
   YEAR    = {June 22, 2012},
   JOURNAL = {Revised version of APSA 2011 Annual Meeting Paper},
howpublished = {Revised version of APSA 2011 Annual Meeting Paper},
note = {Available at: http://ssrn.com/abstract=1902850}
}


@misc{stodden,
author = {Stodden, V.},
title = {A Network Approach to Modeling Exogenous Shocks to the Scientific Enterprise as an Institution},
year = {2016},
note = {Preprint}
}

@misc{farrell,
author = {Farrell, H. and Shalizi, C.},
title = {Evolutionary Theory and Endogenous Institutional Change},
year = {2016},
note = {Preprint}
}

@misc{sphitser,
author = {Shpitser, I. and Ogburn, E. L.},
title = {Collective Problem Solving, Causal Inference, and Chain Graphs},
year = {2016},
note = {Preprint}
}

@misc{mercier,
author = {Mercier, H. and Dockendorff, M. and Schwartzberg, M.},
title = {Democratic Legitimacy and Attitudes About Information-Aggregation Procedures},
year = {2016},
note = {Preprint}
}

@misc{silver,
author = {Silver, N.},
  title = {A User’s Guide To FiveThirtyEight’s 2016 General Election Forecast},
  howpublished = {\url{http://fivethirtyeight.com/features/a-users-guide-to-fivethirtyeights-2016-general-election-forecast/}},
  year = {2016},
  note = {Accessed: 2016-12-10}
}


@book{lay2015analysis,
  title={Analysis with an Introduction to Proof},
  author={Lay, Steven R},
  year={2015},
  publisher={Pearson}
}

@article{baron2014two,
  title={Two Reasons to Make Aggregated Probability Forecasts More Extreme},
  author={Baron, Jonathan and Mellers, Barbara A and Tetlock, Philip E and Stone, Eric and Ungar, Lyle H},
  journal={Decision Analysis},
  year={2014},
volume = {11},
number = {2},
pages = {133-145},
  publisher={INFORMS}
}


@article{ernst2016bayesian,
  title={Bayesian aggregation of two forecasts in the partial information framework},
  author={Ernst, Philip and Pemantle, Robin and Satop{\"a}{\"a}, Ville A and Ungar, Lyle H},
  journal={Statistics \& Probability Letters},
  year={2016}
}

@article{dobbin2005sample,
  title={Sample Size Determination in Microarray Experiments for Class Comparison and Prognostic Classification},
  author={Dobbin, Kevin and Simon, Richard},
  journal={Biostatistics},
  volume={6},
  number={1},
  pages={27--38},
  year={2005},
  publisher={Biometrika Trust}
}

@book{ravishanker2001first,
  title={A first course in linear model theory},
  author={Ravishanker, Nalini and Dey, Dipak K},
  year={2001},
  publisher={CRC Press}
}


@inproceedings{forlines2012heuristics,
  title={Heuristics for Improving Forecast Aggregation.},
  author={Forlines, Clifton and Miller, Sarah and Prakash, Srinivasamurthy and Irvine, John},
  booktitle={AAAI Fall Symposium: Machine Aggregation of Human Judgment},
  year={2012}
}

@book{boole1854investigation,
  title={An investigation of the laws of thought: on which are founded the mathematical theories of logic and probabilities},
  author={Boole, George},
  volume={2},
  year={1854},
  publisher={Walton and Maberly}
}

@book{mcmullen1971convex,
  title={Convex Polytopes and the Upper Bound Conjecture},
  author={McMullen, Peter and Shephard, Geoffrey Colin},
  volume={3},
  year={1971},
  publisher={Cambridge University Press},
  address = {Cambridge, U.K.}
}

@inproceedings{ziegler2000lectures,
  title={Lectures on 0/1-Polytopes},
  author={Ziegler, G{\"u}nter M},
  booktitle={Polytopes - Combinatorics and Computation},
  pages={1--41},
  editor = {Kalai, G and Ziegler, G M},
  year={2000},
  volume = {29},
  publisher = {Birkh\"auser},
  address = {Basel},
  organization={Springer}
}


@article{soloveychik2013covariance,
  title={Covariance Estimation in Elliptical Models with Convex Structure},
  author={Soloveychik, Ilya and Wiesel, Ami},
  journal={arXiv preprint arXiv:1311.0594},
  year={2013}
}

@inproceedings{barton1997structured,
  title={Structured covariance estimation for space-time adaptive processing},
  author={Barton, Timothy A and Smith, Steven T},
  booktitle={Acoustics, Speech, and Signal Processing, 1997. ICASSP-97., 1997 IEEE International Conference on},
  volume={5},
  pages={3493--3496},
  year={1997},
  organization={IEEE}
}

@article{chung1941probability,
  title={On the probability of the occurrence of at least m events among n arbitrary events},
  author={Chung, Kai Lai},
  journal={The Annals of Mathematical Statistics},
  volume={12},
  number={3},
  pages={328--338},
  year={1941},
  publisher={JSTOR}
}

@techreport{degroot1981assessing,
  title={Assessing Probability Assessors: Calibration and Refinement.},
  author={DeGroot, Morris H and Fienberg, Stephen E},
  year={1981},
  institution={DTIC Document}
}

@article{degroot1991optimal,
  title={Optimal Linear Opinion Pools},
  author={DeGroot, Morris H and Mortera, Julia},
  journal={Management Science},
  volume={37},
  number={5},
  pages={546--558},
  year={1991},
  publisher={INFORMS}
}

@article{banerjee2005optimality,
  title={On the optimality of conditional expectation as a Bregman predictor},
  author={Banerjee, Arindam and Guo, Xin and Wang, Hui},
  journal={Information Theory, IEEE Transactions on},
  volume={51},
  number={7},
  pages={2664--2669},
  year={2005},
  publisher={IEEE}
}

@article{blix2001good,
  title={How good is the forecasting performance of major institutions?},
  author={Blix, Marten and Wadefjord, Joachim and Wienecke, Ulrika and Adahl, Martin},
  journal={sveriges riksbank economic review},
  pages={38--68},
  year={2001},
  publisher={Sveriges Riksbank}
}

@article{berger1991bayesian,
  title={Bayesian analysis with limited communication},
  author={Berger, James O and Mortera, Julia},
  journal={Journal of statistical planning and inference},
  volume={28},
  number={1},
  pages={1--24},
  year={1991},
  publisher={Elsevier}
}


@article{graefea2014combining,
  title={Combining Forecasts: Evidence on the relative accuracy of the simple average and Bayesian Model Averaging for predicting social science problems},
  author={Graefea, Andreas and K{\"u}chenhoffb, Helmut and Stierleb, Veronika and Riedlb, Bernhard},
  year={2014}
}

@article{han1988successive,
  title={A successive projection method},
  author={Han, Shih-Ping},
  journal={Mathematical Programming},
  volume={40},
  number={1-3},
  pages={1--14},
  year={1988},
  publisher={Springer}
}


@article{dawson1967inequality,
  title={An inequality for probabilities},
  author={Dawson, DA and Sankoff, D},
  journal={Proceedings of the American Mathematical Society},
  pages={504--507},
  year={1967},
  publisher={JSTOR}
}

@article{pitowsky1991correlation,
  title={Correlation polytopes: their geometry and complexity},
  author={Pitowsky, Itamar},
  journal={Mathematical Programming},
  volume={50},
  number={1-3},
  pages={395--414},
  year={1991},
  publisher={Springer}
}

@article{galambos1977bonferroni,
  title={Bonferroni inequalities},
  author={Galambos, Janos},
  journal={The Annals of Probability},
  pages={577--581},
  year={1977},
  publisher={JSTOR}
}

@misc{christofsmapo,
  title={SMAPO—Library of linear descriptions of small problem instances of polytopes in combinatorial optimization},
  author={Christof, Thomas},
  howpublished = {\url{http://www.iwr.uni-heidelberg.de/groups/comopt/software/SMAPO/cut/cut.html}},
  note = {Accessed: 2014-09-26},
  year = {{n.d.}}
}


@article{padberg1989boolean,
  title={The boolean quadric polytope: some characteristics, facets and relatives},
  author={Padberg, Manfred},
  journal={Mathematical programming},
  volume={45},
  number={1-3},
  pages={139--172},
  year={1989},
  publisher={Springer}
}


@article{laurent1997connections,
  title={Connections Between Semidefinite Relaxations of the Max-Cut and Stable Set Problems},
  author={Laurent, Monique and Poljak, Svatopluk and Rendl, Franz},
  journal={Mathematical Programming},
  volume={77},
  number={1},
  pages={225--246},
  year={1997},
  publisher={Springer}
}
@article{papadatos1995maximum,
  title={Maximum variance of order statistics},
  author={Papadatos, Nickos},
  journal={Annals of the Institute of Statistical Mathematics},
  volume={47},
  number={1},
  pages={185--193},
  year={1995},
  publisher={Springer}
}

@article{satopaa,
author = {Satop{\"a}{\"a}, Ville A. and Baron, Jonathan and Foster, Dean P. and Mellers, Barbara A. and Tetlock, Philip E. and Ungar, Lyle H.},
title = {Combining Multiple Probability Predictions Using a Simple Logit Model},
journal = {International Journal of Forecasting},
year = {2014},
  volume={30},
  number={2},
  pages={344-356},
}

@article{stinchcombe1990bayesian,
  title={Bayesian information topologies},
  author={Stinchcombe, Maxwell B},
  journal={Journal of Mathematical economics},
  volume={19},
  number={3},
  pages={233--253},
  year={1990},
  publisher={Elsevier}
}

@article{lloyd2002computational,
  title={Computational capacity of the universe},
  author={Lloyd, Seth},
  journal={Physical Review Letters},
  volume={88},
  number={23},
  pages={237901},
  year={2002},
  publisher={APS}
}

@inproceedings{hibbard2014self,
  title={Self-modeling agents evolving in our finite universe},
  author={Hibbard, Bill},
  booktitle={International Conference on Artificial General Intelligence},
  pages={246--249},
  year={2014},
  organization={Springer}
}

@article{kapetanios2008forecast,
  title={Forecast combination and the Bank of England's suite of statistical forecasting models},
  author={Kapetanios, George and Labhard, Vincent and Price, Simon},
  journal={Economic Modelling},
  volume={25},
  number={4},
  pages={772--792},
  year={2008},
  publisher={Elsevier}
}

@book{deza1997geometry,
  title={Geometry of Cuts and Metrics},
  author={Deza, Michel and Laurent, Monique},
  volume={15},
  year={1997},
  edition = {1st},
  publisher = {Springer-Verlag},
  address = {Berlin}
}

@incollection{boyle1986method,
  title={A method for finding projections onto the intersection of convex sets in Hilbert spaces},
  author={Boyle, James P and Dykstra, Richard L},
  booktitle={Advances in order restricted statistical inference},
  pages={28--47},
  year={1986},
  publisher={Springer}
}

@book{wolkowicz2000handbook,
  title={Handbook of semidefinite programming: theory, algorithms, and applications},
  author={Wolkowicz, Henry and Saigal, Romesh and Vandenberghe, Lieven},
  volume={27},
  year={2000},
  publisher={Springer}
}

@article{tanaka2014positive,
  title={Positive definite matrix approximation with condition number constraint},
  author={Tanaka, Mirai and Nakata, Kazuhide},
  journal={Optimization Letters},
  volume={8},
  number={3},
  pages={939--947},
  year={2014},
  publisher={Springer}
}



@article{satopaa2014probability,
  title={Probability Aggregation in Time-Series: Dynamic Hierarchical Modeling of Sparse Expert Beliefs},
  author={\textbf{Satop{\"a}{\"a}}, Ville A and Jensen, Shane T and Mellers, Barbara A and Tetlock, Philip E and Ungar, Lyle H and others},
  journal={The Annals of Applied Statistics},
  volume={8},
  number={2},
  pages={1256--1280},
  year={2014},
  publisher={Institute of Mathematical Statistics}
}

@book{jolliffe2012forecast,
  title={Forecast verification: a practitioner's guide in atmospheric science},
  author={Jolliffe, Ian T and Stephenson, David B},
  year={2012},
  publisher={John Wiley \& Sons}
}


@article{Genest,
author = {Genest, C. and Zidek, J. V.},
title = {Combining Probability Distributions: A Critique and an Annotated Bibliography},
journal = {Statistical Science},
year = {1986},
pages = {114-148},
volume = {1},
number = {1}
}

@article{chen2009learning,
  title={Learning Classifiers from Imbalanced, Only Positive and Unlabeled Data Sets},
  author={Chen, Yetian},
  journal={Department of Computer Science Iowa State University},
  year={2009}
}

@article{brocker2007increasing,
  title={Increasing the Reliability of Reliability Diagrams},
  author={Br{\"o}cker, Jochen and Smith, Leonard A},
  journal={Weather and Forecasting},
  volume={22},
  number={3},
  pages={651--661},
  year={2007}
}



@article{hastings1947low,
  title={Low Moments for Small Samples: A Comparative Study of Order Statistics},
  author={Hastings, Cecil and Mosteller, Frederick and Tukey, John W and Winsor, Charles P},
  journal={The Annals of Mathematical Statistics},
  volume={18},
  number={3},
  pages={413--426},
  year={1947},
  publisher={Institute of Mathematical Statistics}
}

@inproceedings{niculescu2005obtaining,
  title={Obtaining Calibrated Probabilities from Boosting},
  author={Niculescu-Mizil, Alexandru and Caruana, Rich},
  booktitle={UAI},
  pages={413},
  year={2005}
}

@book{gelman2003bayesian,
  title={Bayesian Data Analysis},
  author={Gelman, Andrew and Carlin, John B and Stern, Hal S and Rubin, Donald B},
  year={2003},
  publisher={CRC press}
}

@book{Wilson94cognitivefactors,
  title={Cognitive Factors Affecting Subjective Probability Assessment},
  author={Wilson, Alyson G},
  year={1994},
  publisher={Citeseer}
}


@inproceedings{zadrozny2001obtaining,
  title={Obtaining calibrated probability estimates from decision trees and naive Bayesian classifiers},
  author={Zadrozny, Bianca and Elkan, Charles},
  booktitle={ICML},
  volume={1},
  pages={609--616},
  year={2001},
  organization={Citeseer}
}

@article{platt1999probabilistic,
  title={Probabilistic Outputs for Support Vector Machines and Comparisons to Regularized Likelihood Methods},
  author={Platt, John and others},
  journal={Advances in Large Margin Classifiers},
  volume={10},
  number={3},
  pages={61--74},
  year={1999},
  publisher={Cambridge, MA}
}

@article{bonferroni,
  title={Teoria Statistica Delle Classi e Calcolo Delle Probabilit\'a},
  author={Bonferroni, C. E.},
journal = {Pubblicazioni del R Istituto Superiore di Scienze Economiche e Commerciali di Firenze},
  year={1936},
volume = {8},
pages = {3-62},
}

@article{foster1998asymptotic,
  title={Asymptotic calibration},
  author={Foster, Dean P and Vohra, Rakesh V},
  journal={Biometrika},
  volume={85},
  number={2},
  pages={379--390},
  year={1998},
  publisher={Biometrika Trust}
}


@book{train2009discrete,
  title={Discrete choice methods with simulation},
  author={Train, Kenneth},
  year={2009},
  publisher={Cambridge university press}
}

@techreport{bryan2013regression,
  title={Regression analysis of country effects using multilevel data: A cautionary tale},
  author={Bryan, Mark L and Jenkins, Stephen P},
  year={2013},
  institution={IZA Discussion Paper}
}

@article{degroot1983comparison,
  title={The comparison and evaluation of forecasters},
  author={DeGroot, Morris H and Fienberg, Stephen E},
  journal={The Statistician},
  volume={32},
  number={1/2},
  pages={12--22},
  year={1983},
  publisher={Longman Group Ltd.}
}

@book{nelsen1999introduction,
  title={An introduction to copulas},
  author={Nelsen, Roger B},
  year={1999},
  publisher={Springer}
}


@inproceedings{wallace2012class,
  title={Class Probability Estimates Are Unreliable for Imbalanced Data (and How to Fix Them)},
  author={Wallace, Byron C and Dahabreh, Issa J},
  booktitle={Institute of Electrical and Electronics Engineers (IEEE) 12th International Conference on Data Mining (International Conference on Data Mining)},
  pages={695--704},
  year={2012},
  organization={Institute of Electrical and Electronics Engineers (IEEE)}
}

@INPROCEEDINGS{gent1996phase,
  author={Gent, Ian P and Walsh, Toby},
    title = {Phase Transitions and Annealed Theories: Number Partitioning as a Case Study},
    booktitle = {Proceedings of European Conference on Artificial Intelligence (ECAI 1996)},
    year = {1996},
    pages = {170--174},
    publisher = {John Wiley \& Sons}
}


@misc{ungar2012good,
  title={The Good Judgment Project: A Large Scale Test of Different Methods of Combining Expert Predictions},
  author={Ungar, Lyle and Mellers, Barbara and Satop{\"a}{\"a}, Ville and Tetlock, Philip and Baron, Jon},
  note={The Association for the Advancement of Artificial Intelligence Technical Report FS-12-06},
  year={2012}
}

@book{kellerer2004knapsack,
  title={Knapsack Problems},
  author={Kellerer, Hans and Pferschy, Ulrich and Pisinger, David},
  year={2004},
  publisher={Springer}
}

@book{mitchell2007multi,
  title={Multi-sensor Data Fusion: An Introduction},
  author={Mitchell, Harvey B},
  year={2007},
  publisher={Springer}
}

@book{karmarkar1982differencing,
  title={The Differencing Method of Set Partitioning},
  author={Karmarkar, Narendra and Karp, Richard M},
  year={1982},
  publisher={Computer Science Division, University of California Berkeley}
}

@article{hayes2002easiest,
  title={The Easiest Hard Problem},
  author={Hayes, Brian},
  journal={American Scientist},
  volume={90},
  number={2},
  pages={113--117},
  year={2002}
}

@article{lubinski1996seeing,
  title={Seeing the Forest from the Trees: When Predicting the Behavior or Status of Groups, Correlate Means.},
  author={Lubinski, David and Humphreys, Lloyd G},
  journal={Psychology, Public Policy, and Law},
  volume={2},
  number={2},
  pages={363},
  year={1996},
  publisher={American Psychological Association}
}

@misc{Bacco,
   AUTHOR  = {Di Bacco, M. and Frederic, P. and Lad, F.},
   TITLE   = {Learning from the Probability Assertions of Experts}, 
   YEAR    = {2003},
howpublished = {Research Report},
note = {Available at: http://www.math.canterbury.ac.nz/research/ucdms2003n6.pdf}
}

@article{good1952rational,
  title={Rational Decisions},
  author={Good, Irving John},
  journal={Journal of the Royal Statistical Society. Series B (Methodological)},
  pages={107--114},
  year={1952},
  publisher={JSTOR}
}

@article{metropolis1953equation,
  title={Equation of State Calculations by Fast Computing Machines},
  author={Metropolis, Nicholas and Rosenbluth, Arianna W and Rosenbluth, Marshall N and Teller, Augusta H and Teller, Edward},
  journal={The Journal of Chemical Physics},
  volume={21},
  pages={1087–1092},
  year={1953}
}

@unpublished{buja2005loss,
    author = {Buja, A. and Stuetzle, W and Shen, Y.},
    title = {Loss Functions for Binary Class Probability Estimation and Classification: Structure and Applications},
    note = {Manuscript available at www-stat.wharton.upenn.edu/~buja},
    year = {2005}
}


@book{rao2009linear,
  title={Linear Statistical Inference and Its Applications},
  author={Rao, C Radhakrishna},
  volume={22},
  year={2009},
  publisher={John Wiley \& Sons},
  series = {Wiley Series in Probability and Statistics},
  address = {New York, New York}
}

@incollection{parunak2013exploiting,
  title={Exploiting user model diversity in forecast aggregation},
  author={Parunak, H Van Dyke and Brueckner, Sven A and Downs, Elizabeth},
  booktitle={Social Computing, Behavioral-Cultural Modeling and Prediction},
  pages={513--522},
  year={2013},
  publisher={Springer}
}

@misc{supplementary,
  title={Supplementary Material: Modeling Probability Forecasts via Information Diversity},
  author={Satop\"a\"a, Ville A. and Pemantle, Robin and Ungar, Lyle H.},
  year={2014},
}

@article{lichtendahl2007probability,
  title={Probability elicitation, scoring rules, and competition among forecasters},
  author={Lichtendahl Jr, Kenneth C and Winkler, Robert L},
  journal={Management Science},
  volume={53},
  number={11},
  pages={1745--1755},
  year={2007},
  publisher={INFORMS}
}



@article{satopaamodeling,
  title={Modeling Probability Forecasts via Information Diversity},
  author={Satop{\"a}{\"a}, Ville A and Pemantle, Robin and Ungar, Lyle H},
  journal = {The Journal of the American Statistical Association (in press; arXiv:1506.06405)},
  year = {2015}
}




@article{bates1969combination,
  title={The combination of forecasts},
  author={Bates, John M and Granger, Clive WJ},
  journal={Journal of the Operational Research Society},
  volume={20},
  number={4},
  pages={451--468},
  year={1969},
  publisher={Springer}
}
@article{reid1968combining,
  title={Combining three estimates of gross domestic product},
  author={Reid, David J},
  journal={Economica},
  volume={35},
  number={140},
  pages={431--444},
  year={1968},
  publisher={JSTOR}
}


@inproceedings{james1961estimation,
  title={Estimation with quadratic loss},
  author={James, William and Stein, Charles},
  booktitle={Proceedings of the fourth Berkeley symposium on mathematical statistics and probability},
  volume={1},
  number={1961},
  pages={361--379},
  year={1961}
}

@book{proschan2016essentials,
  title={Essentials of Probability Theory for Statisticians},
  author={Proschan, Michael A and Shaw, Pamela A},
  year={2016},
  publisher={CRC Press}
}

@book{cauchy1821cours,
  title={Cours d'analyse de l'{\'E}cole Royale Polytechnique},
  author={Cauchy, Augustin Louis Baron},
  year={1821},
  publisher={Debure}
}

@book{hardy1952inequalities,
  title={Inequalities},
  author={Hardy, Godfrey Harold and Littlewood, John Edensor and P{\'o}lya, George},
  year={1952},
  publisher={Cambridge university press}
}

@article{satopaamodeling2,
  title={Partial information framework: Model-based aggregation of estimates from diverse information sources},
  author={Satop{\"a}{\"a}, Ville A and Jensen, Shane T and Pemantle, Robin and Ungar, Lyle H and others},
  journal={Electronic Journal of Statistics},
  volume={11},
  number={2},
  pages={3781--3814},
  year={2017},
  publisher={The Institute of Mathematical Statistics and the Bernoulli Society}
}

@book{weisberg1992central,
  title={Central tendency and variability},
  author={Weisberg, Herbert},
  number={83},
  year={1992},
  publisher={Sage}
}

@article{grabisch2011aggregation,
  title={Aggregation functions: means},
  author={Grabisch, Michel and Marichal, Jean-Luc and Mesiar, Radko and Pap, Endre},
  journal={Information Sciences},
  volume={181},
  number={1},
  pages={1--22},
  year={2011},
  publisher={Elsevier}
}

@article{plackett1958studies,
  title={Studies in the History of Probability and Statistics: VII. The Principle of the Arithmetic Mean},
  author={Plackett, Robin L},
  journal={Biometrika},
  volume={45},
  number={1-2},
  pages={130--135},
  year={1958},
  publisher={Oxford University Press}
}


@article{herves2013information,
  title={Information and$\backslash$ sigma-algebras},
  author={Herv{\'e}s-Beloso, Carlos and Monteiro, Paulo Klinger},
  journal={Economic Theory},
  volume={54},
  number={2},
  pages={405--418},
  year={2013},
  publisher={Springer}
}

@book{davidson1994stochastic,
  title={Stochastic limit theory: An introduction for econometricians},
  author={Davidson, James},
  year={1994},
  publisher={OUP Oxford}
}

@book{boyd2009convex,
  title={Convex optimization},
  author={Boyd, Stephen and Vandenberghe, Lieven},
  year={2009},
  publisher={Cambridge university press}
}

@article{HwPe1997,
  title={Estimating the Truth of an Indicator Function of a Statistical
Hypothesis Under a Class of Proper Loss Functions},
  author={Hwang, J.T. and Pemantle, R.},
  journal={Statistics \& Decisions},
  volume={15},
  pages={103--128},
  year={1997},
}

@article{morris1995common,
  title={The common prior assumption in economic theory},
  author={Morris, Stephen},
  journal={Economics and philosophy},
  volume={11},
  number={02},
  pages={227--253},
  year={1995},
  publisher={Cambridge Univ Press}
}

@article{turner2013forecast,
  title={Forecast aggregation via recalibration},
  author={Turner, Brandon M and Steyvers, Mark and Merkle, Edgar C and Budescu, David V and Wallsten, Thomas S},
  journal={Machine Learning},
volume = {95},
number = {3},
  pages={1-29},
  year={2013},
  publisher={Springer}
}

@article{juslin1993explanation,
  title={An explanation of the hard-easy effect in studies of realism of confidence in one's general knowledge},
  author={Juslin, Peter},
  journal={European Journal of Cognitive Psychology},
  volume={5},
  number={1},
  pages={55--71},
  year={1993},
  publisher={Taylor \& Francis}
}
@incollection{sanders2001judgmental,
  title={Judgmental adjustment of statistical forecasts},
  author={Sanders, Nada R and Ritzman, Larry P},
  booktitle={Principles of forecasting},
  pages={405--416},
  year={2001},
  publisher={Springer}
}

@article{gigerenzer1991probabilistic,
  title={Probabilistic mental models: a Brunswikian theory of confidence.},
  author={Gigerenzer, Gerd and Hoffrage, Ulrich and Kleinb{\"o}lting, Heinz},
  journal={Psychological Review},
  volume={98},
  number={4},
  pages={506},
  year={1991},
  publisher={American Psychological Association}
}

@article{murphy1984impacts,
  title={Impacts of feedback and experience on the quality of subjective probability forecasts. Comparison of results from the first and second years of the zierikzee experiment},
  author={Murphy, Allan H and Daan, Harald},
  journal={Monthly Weather Review},
  volume={112},
  number={3},
  pages={413--423},
  year={1984}
}

@inproceedings{merkle2010calibrating,
  title={Calibrating subjective probabilities using hierarchical Bayesian models},
  author={Merkle, Edgar C},
  booktitle={International Conference on Social Computing, Behavioral Modeling, and Prediction},
  pages={13--22},
  year={2010},
  organization={Springer}
}

@article{Gneiting04strictlyproper,
  title={Strictly Proper Scoring Rules, Prediction, and Estimation},
  author={Gneiting, Tilmann and Raftery, Adrian E},
  journal={Journal of the American Statistical Association},
  volume={102},
  number={477},
  pages={359--378},
  year={2007},
  publisher={Taylor \& Francis}
}


@article{McKenzie2008179,
title = "Overconfidence in Interval Estimates: What Does Expertise Buy You?",
journal = "Organizational Behavior and Human Decision Processes",
volume = "107",
number = "2",
pages = "179 - 191",
year = "2008",
note = "",
issn = "0749-5978",
doi = "10.1016/j.obhdp.2008.02.007",
url = "http://www.sciencedirect.com/science/article/pii/S0749597808000186",
author = "Craig R.M. McKenzie and Michael J. Liersch and Ilan Yaniv",
keywords = "Overconfidence",
keywords = "Expertise",
keywords = "Interval estimates"
}

@article{cedilnik2004distribution,
  title={The Distribution of the Ratio of Jointly Normal Variables},
  author={Cedilnik, Anton and Kosmelj, K and Blejec, Andrej},
  journal={Metodoloski Zvezki},
  volume={1},
  number={1},
  pages={99--108},
  year={2004}
}

@article{bacharach1975group,
  title={Group Decisions in the Face of Differences of Opinion},
  author={Bacharach, Michael},
  journal={Management Science},
  volume={22},
  number={2},
  pages={182--191},
  year={1975},
  publisher={INFORMS}
}

@unpublished{bacharach,
   AUTHOR  = {Bacharach, M.},
   TITLE   = {Scientific Disagreement},  
   YEAR    = {1972},
   NOTE    = {Unpublished manuscript}
}

@ARTICLE{Brier,
   AUTHOR  = {Brier, G. W.},
   TITLE   = {Verification of Forecasts Expressed in Terms of Probability},  
   YEAR    = {1950},
   JOURNAL = {Monthly Weather Review},
   VOLUME  = {78},
numeber = {1},
   PAGES   = {1-3}
}

@ARTICLE{Geo,
   AUTHOR  = {Allard, D. and Comunian, A. and Renard, P.},
   TITLE   = {Probability Aggregation Methods in Geoscience},  
   YEAR    = {2012},
   JOURNAL = {Mathematical Geosciences},
   VOLUME  = {44},
   PAGES   = {545-581}
}

@ARTICLE{Fox,
   AUTHOR  = {Fox, C. R. and Rottenstreich, Y.},
   TITLE   = {Partition Priming in Judgment Under Uncertainty},  
   YEAR    = {2003},
   JOURNAL = {Psychological Science},
   VOLUME  = {14},
   PAGES   = {195-200}
}

@article{carnap1962logical,
  title={Logical foundations of probability},
  author={Carnap, Rudolf and Carnap, Rudolf and Carnap, Rudolf and Philosopher, Germany},
  year={1962},
  publisher={University of Chicago press Chicago}
}

@book{keynes2004treatise,
  title={A treatise on probability},
  author={Keynes, John Maynard},
  year={2004},
  publisher={Courier Dover Publications}
}

@book{jeffreys1998theory,
  title={The theory of probability},
  author={Jeffreys, Harold},
  year={1998},
  publisher={Oxford University Press}
}

@article{see2006between,
  title={Between ignorance and truth: Partition dependence and learning in judgment under uncertainty.},
  author={See, Kelly E and Fox, Craig R and Rottenstreich, Yuval S},
  journal={Journal of Experimental Psychology: Learning, Memory, and Cognition},
  volume={32},
  number={6},
  pages={1385},
  year={2006},
  publisher={American Psychological Association}
}

@article{fox2003partition,
  title={Partition priming in judgment under uncertainty},
  author={Fox, Craig R and Rottenstreich, Yuval},
  journal={Psychological Science},
  volume={14},
  number={3},
  pages={195--200},
  year={2003},
  publisher={SAGE Publications}
}



@article{birgin2005robust,
  title={Robust stopping criteria for Dykstra's algorithm},
  author={Birgin, Ernesto G and Raydan, Marcos},
  journal={SIAM Journal on Scientific Computing},
  volume={26},
  number={4},
  pages={1405--1414},
  year={2005},
  publisher={SIAM}
}

@article{boyd2003subgradient,
  title={Subgradient methods},
  author={Boyd, Stephen and Xiao, Lin and Mutapcic, Almir},
  journal={lecture notes of EE392o, Stanford University, Autumn Quarter},
  volume={2004},
  year={2003}
}

@article{gubin1967method,
  title={The method of projections for finding the common point of convex sets},
  author={Gubin, LG and Polyak, BT and Raik, EV},
  journal={USSR Computational Mathematics and Mathematical Physics},
  volume={7},
  number={6},
  pages={1--24},
  year={1967},
  publisher={Elsevier}
}

@article{anderson1973asymptotically,
  title={Asymptotically efficient estimation of covariance matrices with linear structure},
  author={Anderson, TW},
  journal={The Annals of Statistics},
  pages={135--141},
  year={1973},
  publisher={JSTOR}
}

@article{hu1991numerical,
  title={A numerical procedure for finding the positive definite matrix closest to a patterned matrix},
  author={Hu, H and Olkin, I},
  journal={Statistics \& probability letters},
  volume={12},
  number={6},
  pages={511--515},
  year={1991},
  publisher={Elsevier}
}

@article{malick2004dual,
  title={A dual approach to semidefinite least-squares problems},
  author={Malick, J{\'e}r{\^o}me},
  journal={SIAM Journal on Matrix Analysis and Applications},
  volume={26},
  number={1},
  pages={272--284},
  year={2004},
  publisher={SIAM}
}

@incollection{henrion2012projection,
  title={Projection methods in conic optimization},
  author={Henrion, Didier and Malick, J{\'e}r{\^o}me},
  booktitle={Handbook on Semidefinite, Conic and Polynomial Optimization},
  pages={565--600},
  year={2012},
  publisher={Springer}
}

@inproceedings{won2006maximum,
  title={Maximum likelihood covariance estimation with a condition number constraint},
  author={Won, Joong Ho and Kim, Seung-Jean},
  booktitle={Signals, Systems and Computers, 2006. ACSSC'06. Fortieth Asilomar Conference on},
  pages={1445--1449},
  year={2006},
  organization={IEEE}
}


@article{dawid1995coherent,
  added-at = {2009-09-18T15:57:11.000+0200},
  author = {Dawid, A.P. and DeGroot, M.H. and Mortera, J. and Cooke, R. and French, S. and Genest, C. and Schervish, M.J. and Lindley, D.V. and McConway, K.J. and Winkler, R.L.},
  biburl = {http://www.bibsonomy.org/bibtex/23dfb17e5dca69276c58b6e6d63764011/janlo},
  interhash = {41f85841c2b113522003c28ae1e9e431},
  intrahash = {3dfb17e5dca69276c58b6e6d63764011},
  jlprojects = {opinion_dynamics_experiment,continuous_opinion_dynamics,wiser_than_crowd},
  journal = {TEST},
  keywords = {},
  number = 2,
  pages = {263--313},
  publisher = {Springer},
  timestamp = {2009-09-18T15:57:11.000+0200},
  title = {Coherent Combination of Experts' Opinions},
  volume = 4,
  year = 1995
}

@inproceedings{lindley,
  title={Reconciliation of Discrete Probability Distributions},
  author={Lindley, Dennis V.},
  pages = {375-390},
  booktitle={Bayesian Statistics 2},
  editor = {Bernardo, J. M., et al.},
  address = {North Holland, Amsterdam},
  year={1985}
  }


@article{schervish1989general,
  title={A general method for comparing probability assessors},
  author={Schervish, Mark J and others},
  journal={The Annals of Statistics},
  volume={17},
  number={4},
  pages={1856--1879},
  year={1989},
  publisher={Institute of Mathematical Statistics}
}
@article{lobo2010human,
  title={Human judgement is heavy tailed: Empirical evidence and implications for the aggregation of estimates and forecasts},
  author={Lobo, Miguel Sousa and Yao, Dai},
  journal={Fontainebleau: INSEAD},
  year={2010}
}

@article{langford2001property,
  title={Is the property of being positively correlated transitive?},
  author={Langford, Eric and Schwertman, Neil and Owens, Margaret},
  journal={The American Statistician},
  volume={55},
  number={4},
  pages={322--325},
  year={2001},
  publisher={Taylor \& Francis}
}

@inproceedings{goel2010prediction,
  title={Prediction without markets},
  author={Goel, Sharad and Reeves, Daniel M and Watts, Duncan J and Pennock, David M},
  booktitle={Proceedings of the 11th ACM conference on Electronic commerce},
  pages={357--366},
  year={2010},
  organization={ACM}
}

@article{mellers2014psychological,
  title={Psychological strategies for winning a geopolitical forecasting tournament},
  author={Mellers, Barbara and Ungar, Lyle and Baron, Jonathan and Ramos, Jaime and Gurcay, Burcu and Fincher, Katrina and Scott, Sydney E and Moore, Don and Atanasov, Pavel and Swift, Samuel A and others},
  journal={Psychological science},
  volume={25},
  number={5},
  pages={1106--1115},
  year={2014},
  publisher={Sage Publications}
}

@article{dawid1982well,
  title={The well-calibrated Bayesian},
  author={Dawid, A Philip},
  journal={Journal of the American Statistical Association},
  volume={77},
  number={379},
  pages={605--610},
  year={1982},
  publisher={Taylor \& Francis Group}
}


@ARTICLE{Wallsten97evaluatingand,
    author = {Thomas S. Wallsten and David V. Budescu and Ido Erev},
    title = {Evaluating and Combining Subjective Probability Estimates},
    journal = {Journal of Behavioral Decision Making},
    year = {1997},
volume = {10},
    pages = {243--268}
}


@ARTICLE{bordley,
    author = {Bordley, R. F},
    title = {A Multiplicative Formula for Aggregating Probability Assessments},
    journal = {Management Science},
    year = {1982},
volume = {10},
    pages = {1137-1148}
}

@ARTICLE{polyakova,
    author = {Polyakova, E. I. and Journel, A. G.},
    title = {The nu Expression for Probabilistic Data Integration},
    journal = {Mathematical Geology},
volume = {39},
pages = {715-733},
    year = {2007}
}

@article{juditsky2008learning,
  title={Learning by mirror averaging},
  author={Juditsky, Anatoli and Rigollet, Philippe and Tsybakov, Alexandre B and others},
  journal={The Annals of Statistics},
  volume={36},
  number={5},
  pages={2183--2206},
  year={2008},
  publisher={Institute of Mathematical Statistics}
}


@incollection{armstrong2,
    author = {Armstrong, J. S.},
editor = {Armstrong, J. S.},
    title = {Combining Forecasts},
booktitle = {Principles of Forecasting: A Handbook for Researchers and Practitioners},
publisher = {Kluwer Academic Publishers},
address = {Norwell, MA},
    year = {2001},
pages = {417-439}
}

@article{levins1966strategy,
  title={The strategy of model building in population biology},
  author={Levins, Richard},
  journal={American scientist},
  pages={421--431},
  year={1966},
  publisher={JSTOR}
}

@article{tanner1954decision,
  title={A Decision-Making Theory of Visual Detection.},
  author={Tanner Jr, Wilson P and Swets, John A},
  journal={Psychological Review},
  volume={61},
  number={6},
  pages={401},
  year={1954},
  publisher={American Psychological Association}
}


@article{ledoit2004well,
  title={A well-conditioned estimator for large-dimensional covariance matrices},
  author={Ledoit, Olivier and Wolf, Michael},
  journal={Journal of multivariate analysis},
  volume={88},
  number={2},
  pages={365--411},
  year={2004},
  publisher={Elsevier}
}

@book{mccullagh1989generalized,
  title={Generalized linear models},
  author={McCullagh, Peter and Nelder, John A and McCullagh, P},
  volume={2},
  year={1989},
  publisher={Chapman and Hall London}
}

@article{hastings1947low,
  title={Low moments for small samples: a comparative study of order statistics},
  author={Hastings Jr, Cecil and Mosteller, Frederick and Tukey, John W and Winsor, Charles P},
  journal={The Annals of Mathematical Statistics},
  pages={413--426},
  year={1947},
  publisher={JSTOR}
}

@article{moore2008use,
  title={Use of absolute and comparative performance feedback in absolute and comparative judgments and decisions},
  author={Moore, Don A and Klein, William MP},
  journal={Organizational Behavior and Human Decision Processes},
  volume={107},
  number={1},
  pages={60--74},
  year={2008},
  publisher={Elsevier}
}

@book{ess2001culture,
  title={Culture, Technology, Communication [electronic resource]: Towards an Intercultural Global Village},
  author={Ess, Charles and Sudweeks, Fay},
  year={2001},
  publisher={SUNY Press}
}

@article{primo2009calibration,
  title={Calibration of Probabilistic Forecasts of Binary Events},
  author={Primo, Cristina and Ferro, Christopher AT and Jolliffe, Ian T and Stephenson, David B},
  journal={Monthly Weather Review},
  volume={137},
  number={3},
  pages={1142--1149},
  year={2009}
}

@article{bier2004implications,
  title={Implications of the Research on Expert Overconfidence and Dependence},
  author={Bier, Vicki},
  journal={Reliability Engineering \& System Safety},
  volume={85},
  number={1},
  pages={321--329},
  year={2004},
  publisher={Elsevier}
}

@book{morgan1992uncertainty,
  title={Uncertainty: A Guide to Dealing with Uncertainty in Quantitative Risk and Policy Analysis},
  author={Morgan, Millett Granger},
  year={1992},
  publisher={Cambridge University Press}
}

@article{granger1989invited,
  title={Invited review combining forecasts—twenty years later},
  author={Granger, Clive WJ},
  journal={Journal of Forecasting},
  volume={8},
  number={3},
  pages={167--173},
  year={1989},
  publisher={Wiley Online Library}
}

@article{kim2001inefficiency,
  title={The inefficiency of the mean analyst forecast as a summary forecast of earnings},
  author={Kim, Oliver and Lim, Steve C and Shaw, Kenneth W},
  journal={Journal of Accounting Research},
  volume={39},
  number={2},
  pages={329--335},
  year={2001},
  publisher={Wiley Online Library}
}

@book{lichtenstein1977calibration,
  title={Calibration of Probabilities: The State of the Art},
  author={Lichtenstein, Sarah and Fischhoff, Baruch and Phillips, Lawrence D},
  year={1977},
  publisher={Springer}
}

@article{simpson1951interpretation,
  title={The Interpretation of Interaction in Contingency Tables},
  author={Simpson, Edward H},
  journal={Journal of the Royal Statistical Society. Series B (Methodological)},
  pages={238--241},
  year={1951},
  publisher={JSTOR}
}

@article{gneiting2008rejoinder,
  title={Rejoinder on: Assessing Probabilistic Forecasts of Multivariate Quantities, with an Application to Ensemble Predictions of Surface Winds},
  author={Gneiting, Tilmann and Stanberry, Larissa I and Grimit, Eric P and Held, Leonhard and Johnson, Nicholas A},
  journal={Test},
  volume={17},
  number={2},
  pages={256--264},
  year={2008},
  publisher={Springer}
}

@article{winkler2008comments,
  title={Comments on: Assessing Probabilistic Forecasts of Multivariate Quantities, with an Application to Ensemble Predictions of Surface Winds},
  author={Winkler, Robert L and Jose, Victor Richmond R},
  journal={Test},
  volume={17},
  number={2},
  pages={251--255},
  year={2008},
  publisher={Springer}
}


@article{trabelsi2016central,
  title={Central Bank Transparency and the consensus forecast: What does The Economist poll of forecasters tell us?},
  author={Trabelsi, Emna},
  journal={Research in International Business and Finance},
  volume={38},
  pages={338--359},
  year={2016},
  publisher={Elsevier}
}

@article{clemen2007aggregating,
  title={Aggregating Probability Distributions},
  author={Clemen, Robert T and Winkler, Robert L},
  journal={Advances in Decision Analysis},
  pages={154--176},
  year={2007},
  publisher={Cambridge University Press}
}


@article{gneiting2007probabilistic,
  title={Probabilistic forecasts, calibration and sharpness},
  author={Gneiting, Tilmann and Balabdaoui, Fadoua and Raftery, Adrian E},
  journal={Journal of the Royal Statistical Society: Series B (Statistical Methodology)},
  volume={69},
  number={2},
  pages={243--268},
  year={2007},
  publisher={Wiley Online Library}
}

@ARTICLE{clemen,
    author = {Clemen, R. T.},
    title = {Combining Forecasts: A Review and Annotated Bibliography},
    journal = {International {J}ournal of {F}orecasting},
    year = {1989},
pages = {559-583},
volume = {5}
}

@article{broomell2009experts,
  title={Why Are Experts Correlated? {Decomposing} Correlations Between Judges},
  author={Broomell, Stephen B and Budescu, David V},
  journal={Psychometrika},
  volume={74},
  number={3},
  pages={531--553},
  year={2009},
  publisher={Springer}
}


@article{yates1985conditional,
  title={Conditional distribution analyses of probabilistic forecasts},
  author={Yates, J Frank and Curley, Shawn P},
  journal={Journal of Forecasting},
  volume={4},
  number={1},
  pages={61--73},
  year={1985},
  publisher={Wiley Online Library}
}

@article{dowie1976efficiency,
  title={On the Efficiency and Equity of Betting Markets},
  author={Dowie, Jack},
  journal={Economica},
  pages={139--150},
  year={1976},
  volume = {43},
  number = {170},
  publisher={JSTOR}
}


@article{keren1987facing,
  title={Facing Uncertainty in the Game of Bridge: A Calibration Study},
  author={Keren, Gideon},
  journal={Organizational Behavior and Human Decision Processes},
  volume={39},
  number={1},
  pages={98--114},
  year={1987},
  publisher={Elsevier}
}

@article{murphy1977reliability,
  title={Reliability of Subjective Probability Forecasts of Precipitation and Temperature},
  author={Murphy, Allan H and Winkler, Robert L},
  journal={Applied Statistics},
  pages={41--47},
  year={1977},
  volume = {26},
  number = {1},
  publisher={JSTOR}
}



@book{o2006uncertain,
  title={Uncertain judgements: eliciting experts' probabilities},
  author={O'Hagan, Anthony and Buck, Caitlin E and Daneshkhah, Alireza and Eiser, J Richard and Garthwaite, Paul H and Jenkinson, David J and Oakley, Jeremy E and Rakow, Tim},
  year={2006},
  publisher={John Wiley \& Sons}
}

@article{kramer2006evaluating,
  title={Evaluating Probability Forecasts in Terms of Refinement and Strictly Proper Scoring Rules},
  author={Kr{\"a}mer, Walter},
  journal={Journal of Forecasting},
  volume={25},
  number={3},
  pages={223--226},
  year={2006},
  publisher={Wiley Online Library}
}


@book{fishkin1997voice,
  title={The voice of the people: Public opinion and democracy},
  author={Fishkin, James S},
  year={1997},
  publisher={Yale University Press}
}


@misc{james2004wisdom,
  title={The Wisdom of Crowds: Why the Many Are Smarter Than the Few and How Collective Wisdom Shapes Business, Economies, Societies, and Nations},
  author={James, Surowiecki},
  year={2004},
  publisher={Doubleday}
}

@article{yi2012wisdom,
  title={The wisdom of the crowd in combinatorial problems},
  author={Yi, Sheng Kung Michael and Steyvers, Mark and Lee, Michael D and Dry, Matthew J},
  journal={Cognitive science},
  volume={36},
  number={3},
  pages={452--470},
  year={2012},
  publisher={Wiley Online Library}
}


@article{Ariely00theeffects,
  title={The effects of averaging subjective probability estimates between and within judges.},
  author={Ariely, Dan and Tung Au, Wing and Bender, Randall H and Budescu, David V and Dietz, Christiane B and Gu, Hongbin and Wallsten, Thomas S and Zauberman, Gal},
  journal={Journal of Experimental Psychology: Applied},
  volume={6},
  number={2},
  pages={130},
  year={2000},
  publisher={American Psychological Association}
}


@ARTICLE{Phillips,
    author = {Phillips, L. D. and Edwards, W.},
    title = {Conservatism in a Simple Probabilistic Inference Task},
    journal = {Journal of Experimental Psychology},
    year = {1966},
volume = {72},
    pages = {346-354}
}

@article{GoldShadlen2001,
    author = {Gold, J I. and Shadlen, M N.},
    journal = {Trends Cogn Sci},
    number = {1},
    pages = {10-16},
    title = {Neural Computations that Underlie Decisions About Sensory Stimuli},
    volume = {5},
    year = {2001}
}

@article{GoldShadlen2002,
    author = {Gold, J. I. and Shadlen, M. N.},
    journal = {Neuron},
    number = {2},
    pages = {299--308},
    title = {Banburismus and the Brain: Decoding the Relationship Between Sensory Stimuli, Decisions, and Reward.},
    volume = {36},
    year = {2002}
}

@article{Maloney2006,
    author = {Maloney, L. T. and Dal Martello, M. F.},
    journal = {J. Vis.},
    pages = {1047-1056},
    title = {Kin Recognition and the Perceived Facial Similarity of Children},
    volume = {6},
    year = {2006}
}

@article{shlomi2010subjective,
  title={Subjective Recalibration of Advisors' Probability Estimates},
  author={Shlomi, Yaron and Wallsten, Thomas S},
  journal={Psychonomic Bulletin \& Review},
  volume={17},
  number={4},
  pages={492--498},
  year={2010},
  publisher={Springer}
}

@book{stevenson2002operations,
  title={Operations management},
  author={Stevenson, William J and Sum, Chee Chuong},
  volume={8},
  year={2002},
  publisher={McGraw-Hill/Irwin New York, NY}
}

@article{cornish1977study,
  title={The study of the future},
  author={Cornish, Edward and others},
  journal={World Future Society},
  year={1977}
}

@article{dawid1982well,
  title={The well-calibrated Bayesian},
  author={Dawid, A Philip},
  journal={Journal of the American Statistical Association},
  volume={77},
  number={379},
  pages={605--610},
  year={1982},
  publisher={Taylor \& Francis Group}
}

@book{dalkey1968predicting,
  title={Predicting the future},
  author={Dalkey, Norman Crolee},
  year={1968},
  publisher={Rand Corporation Santa Monica, California}
}

@book{tetlock2016superforecasting,
  title={Superforecasting: The art and science of prediction},
  author={Tetlock, Philip E and Gardner, Dan},
  year={2016},
  publisher={Random House}
}

@article{Erev1994,
  title={Simultaneous Over- and Underconfidence: The Role of Error in Judgment Processes.},
  author={Erev, Ido and Wallsten, Thomas S and Budescu, David V},
  journal={Psychological Review},
  volume={101},
  number={3},
  pages={519-527},
  year={1994},
  publisher={American Psychological Association}
}

@article{patton2009optimal,
  title={Optimal combinations of realised volatility estimators},
  author={Patton, Andrew J and Sheppard, Kevin},
  journal={International Journal of Forecasting},
  volume={25},
  number={2},
  pages={218--238},
  year={2009},
  publisher={Elsevier}
}

@book{christensen2011plane,
  title={Plane answers to complex questions: the theory of linear models},
  author={Christensen, Ronald},
  year={2011},
  publisher={Springer Science \& Business Media}
}

@inproceedings{huayou2007properties,
  title={Properties of weighted geometric means combination forecasting model based on degree of logarithm grey incidence},
  author={Huayou, Chen and Kaimin, Ding and Junting, Zhang},
  booktitle={Grey Systems and Intelligent Services, 2007. GSIS 2007. IEEE International Conference on},
  pages={673--677},
  year={2007},
  organization={IEEE}
}


@article{andrawis2011combination,
  title={Combination of long term and short term forecasts, with application to tourism demand forecasting},
  author={Andrawis, Robert R and Atiya, Amir F and El-Shishiny, Hisham},
  journal={International Journal of Forecasting},
  volume={27},
  number={3},
  pages={870--886},
  year={2011},
  publisher={Elsevier}
}

@article{Wallsten2001,
  title={Understanding pooled subjective probability estimates},
  author={Wallsten, Thomas S and Diederich, Adele},
  journal={Mathematical Social Sciences},
  volume={41},
  number={1},
  pages={1--18},
  year={2001},
  publisher={Elsevier}
}



@book{Kahneman,
author = {Kahneman, D. and Slovic, P. and Tversky, A.},
year = {1982},
title = {Judgment under Uncertainty: Heuristics and Biases},
address = {New York},
publisher = {Cambridge University Press}
} 
 
@article{karmarkar1978subjectively,
  title={Subjectively Weighted Utility: A Descriptive Extension of the Expected Utility Model},
  author={Karmarkar, Uday S},
  journal={Organizational Behavior and Human Performance},
  volume={21},
  number={1},
  pages={61--72},
  year={1978},
  publisher={Elsevier}
}